% This file was created with Citavi 6.3.0.0

@book{Abolhassan.2016,
 year = {2016},
 title = {Was treibt die Digitalisierung? Warum an der Cloud kein Weg vorbeif{\"u}hrt},
 address = {Wiesbaden},
 publisher = {{Springer Gabler}},
 isbn = {3658106409},
 editor = {Abolhassan, Ferri},
 file = {http://www.worldcat.org/oclc/944061279}
}


@book{Chun.2001,
 author = {Chun, Wesley J.},
 year = {2001},
 title = {Core PYTHON programming},
 address = {Upper Saddle River, NJ},
 publisher = {{Prentice Hall}},
 isbn = {0130260363},
 series = {Prentice Hall PTR Core series},
 file = {https://external.dandelon.com/download/attachments/dandelon/ids/DE004F6EF8328569538BCC1257721003EBCCC.pdf}
}


@misc{GoogleLLC.13.05.2019,
 year = {13.05.2019},
 title = {Calendars and Events},
 url = {https://developers.google.com/calendar/concepts/events-calendars},
 urldate = {02.09.2020}
}

@misc{IFTTT,
 urldate = {17.09.2020},
 url = {https://ifttt.com},
 title = {{IFTTT}},
 organization = {IFTTT, Inc.}
}

@misc{Nunhofer2020,
 date = {03.09.2020},
 author = {Nunhofer, Stefan},
 title = {{HSP-Studienarbeit}},
 subtitle = {{Erstellung eines Datentransformations- und Verteilungssystems für Software-as-a-Service-Anwendungen}},
 organization = {OTH Regensburg}
}

@book{Versteegen.2013,
 author = {Versteegen, Gerhard},
 year = {2013},
 title = {Konfigurationsmanagement},
 publisher = {Springer},
 isbn = {9783642628399},
 file = {http://www.worldcat.org/oclc/925406814}
}


