% Encoding: UTF-8

@Article{McNee2007,
  author    = {McNee, W},
  journal   = {Journal of Digital Asset Management},
  title     = {SaaS 2.0},
  year      = {2007},
  month     = {08},
  pages     = {209-214},
  volume    = {3},
  doi       = {https://doi.org/10.1057/palgrave.dam.3650088},
  file      = {:C\:/Users/SN-Desktop/Desktop/hsptestfolder/report_stephan_nunhofer/Literatur/McNee2007_Article_SaaS20.pdf:PDF},
  timestamp = {2020-07-07},
  url       = {https://link.springer.com/article/10.1057/palgrave.dam.3650088#citeas},
}

@Proceedings{Gartner2019,
  title     = {Gartner Forecasts Worldwide Public Cloud Revenue to Grow 17% in 2020},
  year      = {2019},
  month     = nov,
  author    = {Gartner},
  journal   = {Newsroom, Press Release},
  timestamp = {2020-07-07},
  url       = {https://www.gartner.com/en/newsroom/press-releases/2019-11-13-gartner-forecasts-worldwide-public-cloud-revenue-to-grow-17-percent-in-2020},
}

@Misc{Gartner2020,
  author    = {Gartner},
  month     = jul,
  title     = {Umsatz mit Software-as-a-Service (SaaS) weltweit von 2010 bis 2018 und Prognose bis 2022 (in Milliarden US-Dollar)},
  year      = {2020},
  publisher = {Statista},
  timestamp = {2020-07-07},
  url       = {https://de.statista.com/statistik/daten/studie/194117/umfrage/umsatz-mit-software-as-a-service-weltweit-seit-2010/},
}

@Comment{jabref-meta: databaseType:bibtex;}
